
@misc{debian,
	title="Debian -- универсальная операционная система [Электронный ресурс]",
	howpublished="Режим доступа: \url{https://www.debian.org/}",
	note="Дата обращения: 29.01.2022"
}

@misc{linux,
	title="Linux -- Getting Started [Электронный ресурс]",
	howpublished="Режим доступа: \url{https://linux.org}",
	note="Дата обращения: 29.01.2022"
}
@misc{paral,
	title="Параллельные вычисления.",
	author="Воеводин В. В. Воеводин Вл. В. ",
	note=" СПб.: БХВ-Петербург, 2002. -- 608 с."
}
@misc{res,
	title="Балансировка нагрузки в распределенных системах",
	note=" Режим доступа:\url{http://www.intuit.ru/department/algorithms/distrsa/9/}"
}
@misc{analysalg,
    title="Анализ алгоритмов. Активный обучающий подход. – М.",
	author="Дж. Макконнел.",
	publisher = "Техносфера",
	year = 2017,
	howpublished="Режим доступа:\url{https://www.linux.org.ru/}",
	note="267 с."
}
@misc{go,
	title="Go Documentation [Электронный ресурс]",
	howpublished="Режим доступа: \url{https://go.dev/doc/}",
	note="Дата обращения: 29.01.2022"
}

@Book{gG07,
author = "Gratzer, George A.",
title = "More Math Into LaTeX",
publisher = "Birkhauser",
address = "Boston",
year = 2007,
edition = "4th"
}
