

@misc{debian,
	title="Debian -- универсальная операционная система [Электронный ресурс]",
	howpublished="Режим доступа: \url{https://www.debian.org/}",
	note="Дата обращения: 20.12.2021"
}

@misc{linux,
	title="Linux -- Getting Started [Электронный ресурс]",
	howpublished="Режим доступа: \url{https://linux.org}",
	note="Дата обращения: 20.12.2021"
}

@misc{linux2,
    author="Дж. Макконнел.",
	title="Анализ алгоритмов. Активный обучающий подход. – М.",
	publisher = "Техносфера",
	year = 2017,
	howpublished="Режим доступа:\url{https://www.linux.org.ru/}",
	note="267 с."
}
@misc{algolistbubble,
	title="Штовба С. Д. Муравьиные алгоритмы, Exponenta Pro. Математика в при-
	ложениях. 2004. No 4"
}

@misc{go,
title="Go Documentation [Электронный ресурс]",
howpublished="Режим доступа: \url{https://go.dev/doc/}",
note="Дата обращения: 29.01.2022"
}

@Book{gG07,
	author = "Gratzer, George A.",
	title = "More Math Into LaTeX",
	publisher = "Birkhauser",
	address = "Boston",
	year = 2007,
	edition = "4th"
}
