
@Book{gG07,
	author = "Gratzer, George A.",
	title = "More Math Into LaTeX",
	publisher = "Birkhauser",
	address = "Boston",
	year = 2007,
	edition = "4th"
}


@misc{debian,
	title="Debian -- универсальная операционная система [Электронный ресурс]",
	howpublished="Режим доступа: \url{https://www.debian.org/}",
	note="Дата обращения: 20.12.2021"
}

@misc{linux,
	title="Linux -- Getting Started [Электронный ресурс]",
	howpublished="Режим доступа: \url{https://linux.org}",
	note="Дата обращения: 20.12.2021"
}

@misc{linux2,
    author = "Дж. Макконнел.",
	title="Анализ алгоритмов. Активный обучающий подход. – М.",
	publisher = "Техносфера",
	year = 2017,
	howpublished="Режим доступа:\url{https://www.linux.org.ru/}",
	note="267 с."
}
@misc{algolistbubble,
	title="Документация языка C++ 98 [Электронный ресурс]",
	howpublished="Режим доступа:\url{http://www.open-std.org/JTC1/SC22/WG21/}",
	note="Дата обращения: 22.12.2021"
}
