
@Book{gG07,
	author = "Gratzer, George A.",
	title = "More Math Into LaTeX",
	publisher = "Birkhauser",
	address = "Boston",
	year = 2007,
	edition = "4th"
}


@misc{go,
	title="Go Documentation [Электронный ресурс]",
	howpublished="Режим доступа: \url{https://go.dev/doc/}",
	note="Дата обращения: 20.09.2020"
}

@misc{debian,
	title="Debian -- универсальная операционная система [Электронный ресурс]",
	howpublished="Режим доступа: \url{https://www.debian.org/}",
	note="Дата обращения: 20.09.2020"
}

@misc{linux,
	title="Linux -- Getting Started [Электронный ресурс]",
	howpublished="Режим доступа: \url{https://linux.org}",
	note="Дата обращения: 20.09.2020"
}

@misc{openUrok,
	title="Открытый урок. Первое сентября. [Электронный ресурс]",
	howpublished="Режим доступа: \url{https://urok.1sept.ru/articles/637896}",
	note="Дата обращения: 03.12.2021"
}

@misc{poivsmatrixes,
	title=" ПОИВС [Электронный ресурс]",
	howpublished="Режим доступа: \url{http://poivs.tsput.ru/ru/Math/Algebra/LinearAlgebra/Matrices}",
	note="Дата обращения: 03.12.2021"
}
